
Remplacement des metiers s'ils sont "mesurables" + procédure (metrique agile)  :
https://hbr.org/2025/06/what-gets-measured-ai-will-automate

Comprehension de la santé mentale personnalisé : 
https://ai.nejm.org/doi/full/10.1056/AIoa2400802


Non classé :
- GPTs are GPTs https://arxiv.org/abs/2303.10130
- https://ai-2027.com/
- https://github.com/johanndiep/language-models-trajectory-generators/blob/main_mistral/README.Mistral.md
- Deskilling and upskilling with AI systems (2025)
- Absolute-Zero & AlphaEvolve (2025)
- Vending-Bench: A Benchmark for Long-Term Coherence of Autonomous Agents (2025) https://arxiv.org/abs/2502.15840
- Working with AI: Measuring the Occupational Implications of Generative AI (2025)
- https://digitaleconomy.stanford.edu/publications/canaries-in-the-coal-mine/ (Facts about the Recent Employment Effects of Artificial Intelligence)


Ajouter : 
- IA et Energie : https://www.mdpi.com/1996-1073/18/2/434
- rapport de l'OCDE sur l'IA et l'éducation (2024) https://www.oecd.org/education/ai-in-education-report-2024.pdf
- AI and the Future of Work (2024) https://www.weforum.org/reports/ai-and-the-future-of-work-2024
- AI in Healthcare: Transforming Patient Care (2024) https://www.who.int/publications/i/item/ai-in-healthcare
- AI and the Environment: Opportunities and Challenges (2024) https://www.unep.org/publications/ai-and-the-environment
- Rapport Villani
- Rapport OpenAI sur revenu de base universel (2024) https://openai.com/research/universal-basic-income-report-2024

à critiquer / analyser : 
- Robot vs Worker : https://onlinelibrary.wiley.com/doi/full/10.1111/joes.12699
- These economique : https://estudogeral.uc.pt/handle/10316/118028
- https://journals.sagepub.com/doi/abs/10.1177/08944393241246100


news sur l'avancement de l'IA :
 - https://openai.com/fr-FR/index/why-language-models-hallucinate/ (evaluer la confiance --> voir MAPIE)