@article{OpenAI2023,
  title         = {GPTs are GPTs: Labor Market Impact of Large Language Models},
  author        = {OpenAI},
  year          = {2023},
  eprint        = {2303.10130},
  archiveprefix = {arXiv},
  primaryclass  = {cs.CL}
}

@techreport{StanfordAI2025,
  title  = {AI Index Report 2025},
  author = {Stanford University},
  year   = {2025},
  url    = {https://hai.stanford.edu/ai-index/2025-ai-index-report}
}

@techreport{MIT2025,
  title  = {Macroeconomic Modeling of AI and UBI},
  author = {Massachusetts Institute of Technology},
  year   = {2025},
  url    = {https://papers.ssrn.com/sol3/papers.cfm?abstract_id=4843046}
}

@article{CarnegieMellon2025,
  title  = {The Global Impact of AI: Mind the Gap},
  author = {Carnegie Mellon University},
  year   = {2025},
  url    = {https://arxiv.org/abs/2505.18687}
}

@article{Oxford2025,
  title  = {Exploration and Exploitation in Organizational Learning},
  author = {University of Oxford},
  year   = {2025},
  url    = {https://papers.ssrn.com/sol3/papers.cfm?abstract_id=4496418}
}

@article{VendingBench2025,
  title  = {A Benchmark for Long-Term Coherence of Autonomous Agents},
  author = {Vending-Bench},
  year   = {2025},
  url    = {https://arxiv.org/abs/2502.15840}
}
